<?xml version="1.0" encoding="UTF-8"?><collection xmlns="http://www.loc.gov/MARC21/slim"><record><leader>00427nam--2200169-i-4500</leader><controlfield tag="001">000024267</controlfield><controlfield tag="002">20161230</controlfield><controlfield tag="005">20170205234205</controlfield><controlfield tag="008">060222s1000------------r-----000-0-eng-d</controlfield><datafield ind1=" " ind2=" " tag="080"><subfield code="a">517.1(075.9)</subfield></datafield><datafield ind1="1" ind2="0" tag="100"><subfield code="a">Halanay, Aristide</subfield></datafield><datafield ind1="1" ind2=" " tag="245"><subfield code="a">Analiza matematica</subfield></datafield><datafield ind1=" " ind2=" " tag="260"><subfield code="a">Bucuresti</subfield><subfield code="b">Ed.Didactica Si Pedagogica</subfield><subfield code="c">1983</subfield></datafield><datafield ind1=" " ind2=" " tag="300"><subfield code="a">335 p</subfield></datafield><datafield ind1=" " ind2=" " tag="700"><subfield code="a">Turbatu, Stelian</subfield></datafield><datafield ind1=" " ind2=" " tag="852"><subfield code="a">71469</subfield><subfield code="c">517</subfield></datafield><datafield ind1=" " ind2=" " tag="CAT"><subfield code="a">SYS</subfield><subfield code="c">20170205</subfield><subfield code="h">234205</subfield></datafield></record></collection>